@book{hartshorne1977algebraic,
  title={Algebraic Geometry},
  author={Hartshorne, R.},
  isbn={9780387902449},
  lccn={lc77001177},
  series={Graduate Texts in Mathematics},
  url={http://books.google.de/books?id=3rtX9t-nnvwC},
  year={1977},
  publisher={Springer}
}

@book{bosch2009algebra,
  title={Algebra},
  author={Bosch, S.},
  isbn={9783540928126},
  lccn={2009920199},
  series={Springer-Lehrbuch},
  url={http://books.google.de/books?id=dI1p9fh\_fV0C},
  year={2009},
  publisher={Springer}
}
